@article{wade2009did,
  title={Did Javal measure eye movements during reading},
  author={Wade, Nicholas J and Tatler, Benjamin W},
  journal={Journal of Eye Movement Research},
  volume={2},
  number={5},
  pages={1--7},
  year={2009}
}

@misc{huey1908psychology,
  title={The psychology and pedagogy of reading: With a review of the history of reading and writing and of methods, text, and hygiene of reading},
  author={Huey, Edmund Burke},
  year={1908},
  publisher={New York, NY: Macmillan}
}

@inproceedings{javal1879essai,
  title={Essai sur la physiologie de la lecture},
  author={Javal, Emile},
  booktitle={Annales D'Oculistique},
  year={1879}
}

@article{godnig2003tachi,
  title={The Tachistoscope - Its History and Uses},
  author={Godnig, Edward C.},
  journal={Journal of Behavioral Optometry},
  volume={14},
  number={2},
  pages={39--42},
  year={2003}
}

@article{benschop1998tachistoscope,
  title={What is a tachistoscope? Historical explorations of an instrument},
  author={Benschop, Ruth},
  journal={Science in context},
  volume={11},
  number={01},
  pages={23--50},
  year={1998},
  publisher={Cambridge Univ Press}
}

@article{renshaw1945visual,
  title={The visual perception and reproduction of forms by tachistoscopic methods},
  author={Renshaw, Samuel},
  journal={The Journal of Psychology},
  volume={20},
  number={2},
  pages={217--232},
  year={1945},
  publisher={Taylor \& Francis}
}

@article{swalm1973speed,
  title={Speed reading in the elementary school},
  author={Swalm, James and Kling, Martin},
  journal={The Elementary School Journal},
  pages={158--164},
  year={1973},
  publisher={JSTOR}
}

@article{witty1969rate,
  title={Rate of reading: A crucial issue},
  author={Witty, Paul A},
  journal={Journal of Reading},
  volume={13},
  number={2},
  pages={102--163},
  year={1969},
  publisher={JSTOR}
}

@article{causey1954colleges,
  title={What the Colleges Are Doing in Reading Improvement Programs; Yearbook of the Annual Meeting of the Southwest Reading Conference for Colleges and Universities (3rd, Texas Christian University, December 11-12, 1953).},
  author={Causey, Oscar S},
  year={1954},
  publisher={ERIC}
}

@article{manolakes1952effects,
  title={The effects of tachistoscopic training in an adult reading program.},
  author={Manolakes, George},
  journal={Journal of Applied Psychology},
  volume={36},
  number={6},
  pages={410},
  year={1952},
  publisher={American Psychological Association}
}

@article{bormuth1961tachistoscope,
  title={Is the Tachistoscope a Worthwhile Teaching Tool?},
  author={Bormuth, John R and Aker, Cleatus C},
  journal={The reading teacher},
  volume={14},
  number={3},
  pages={172--176},
  year={1961},
  publisher={JSTOR}
}

@book{ahuja1995increase,
  title={How to Increase Your Reading Speed: Procedures and Practices},
  author={Ahuja, GC and Ahuja, Pramila},
  year={1995},
  publisher={Sterling Publishers Pvt. Ltd}
}

@article{chomsky1972stages,
  title={Stages in language development and reading exposure},
  author={Chomsky, Carol},
  journal={Harvard Educational Review},
  volume={42},
  number={1},
  pages={1--33},
  year={1972},
  publisher={HEPG}
}

@article{siegel1988development,
  title={Development of grammatical-sensitivity, phonological, and short-term memory skills in normally achieving and learning disabled children.},
  author={Siegel, Linda S and Ryan, Ellen B},
  journal={Developmental Psychology},
  volume={24},
  number={1},
  pages={28},
  year={1988},
  publisher={American Psychological Association}
}

@book{krashen1993power,
  title={The power of reading: Insights from the research},
  author={Krashen, Stephen D},
  year={1993},
  publisher={Libraries Unlimited Englewood, CO}
}

@article{schotter2014don,
  title={Donâ€™t Believe What You Read (Only Once) Comprehension Is Supported by Regressions During Reading},
  author={Schotter, Elizabeth R and Tran, Randy and Rayner, Keith},
  journal={Psychological science},
  pages={0956797614531148},
  year={2014},
  publisher={SAGE Publications}
}

@article{mcconkie1973experimental,
  title={Experimental manipulation of reading strategies.},
  author={McConkie, George W and Rayner, Keith and Wilson, Steven J},
  journal={Journal of Educational Psychology},
  volume={65},
  number={1},
  pages={1},
  year={1973},
  publisher={American Psychological Association}
}

@article{reber1978analogic,
  title={Analogic and abstraction strategies in synthetic grammar learning: A functionalist interpretation},
  author={Reber, Arthur S and Allen, Rhianon},
  journal={Cognition},
  volume={6},
  number={3},
  pages={189--221},
  year={1978},
  publisher={Elsevier}
}

@article{reber1967implicit,
  title={Implicit learning of artificial grammars},
  author={Reber, Arthur S},
  journal={Journal of verbal learning and verbal behavior},
  volume={6},
  number={6},
  pages={855--863},
  year={1967},
  publisher={Elsevier}
}

@article{reber1989implicit,
  title={Implicit learning and tacit knowledge.},
  author={Reber, Arthur S},
  journal={Journal of experimental psychology: General},
  volume={118},
  number={3},
  pages={219},
  year={1989},
  publisher={American Psychological Association}
}

@article{saffran2002constraints,
  title={Constraints on statistical language learning},
  author={Saffran, Jenny R},
  journal={Journal of Memory and Language},
  volume={47},
  number={1},
  pages={172--196},
  year={2002},
  publisher={Elsevier}
}

@article{perruchet2006implicit,
  title={Implicit learning and statistical learning: One phenomenon, two approaches},
  author={Perruchet, Pierre and Pacton, Sebastien},
  journal={Trends in cognitive sciences},
  volume={10},
  number={5},
  pages={233--238},
  year={2006},
  publisher={Elsevier}
}

@article{knowlton1996artificial,
  title={Artificial grammar learning depends on implicit acquisition of both abstract and exemplar-specific information.},
  author={Knowlton, Barbara J and Squire, Larry R},
  journal={Journal of Experimental Psychology: Learning, Memory, and Cognition},
  volume={22},
  number={1},
  pages={169},
  year={1996},
  publisher={American Psychological Association}
}

@article{gomez1999artificial,
  title={Artificial grammar learning by 1-year-olds leads to specific and abstract knowledge},
  author={Gomez, Rebecca L and Gerken, LouAnn},
  journal={Cognition},
  volume={70},
  number={2},
  pages={109--135},
  year={1999},
  publisher={Elsevier}
}

@article{yazici2007comparison,
  title={A comparison of various tests of normality},
  author={Yazici, Berna and Yolacan, Senay},
  journal={Journal of Statistical Computation and Simulation},
  volume={77},
  number={2},
  pages={175--183},
  year={2007},
  publisher={Taylor \& Francis}
}